%YAML 1.1
%TAG !u! tag:unity3d.com,2011:
--- !u!1 &2346293346648556605
GameObject:
  m_ObjectHideFlags: 0
  m_CorrespondingSourceObject: {fileID: 0}
  m_PrefabInstance: {fileID: 0}
  m_PrefabAsset: {fileID: 0}
  serializedVersion: 6
  m_Component:
  - component: {fileID: 2346293346648556604}
  - component: {fileID: 2346293346648556603}
  m_Layer: 0
  m_Name: PathBotsSpawner
  m_TagString: Untagged
  m_Icon: {fileID: 0}
  m_NavMeshLayer: 0
  m_StaticEditorFlags: 0
  m_IsActive: 1
--- !u!4 &2346293346648556604
Transform:
  m_ObjectHideFlags: 0
  m_CorrespondingSourceObject: {fileID: 0}
  m_PrefabInstance: {fileID: 0}
  m_PrefabAsset: {fileID: 0}
  m_GameObject: {fileID: 2346293346648556605}
  m_LocalRotation: {x: 0, y: 0, z: 0, w: 1}
  m_LocalPosition: {x: 0, y: 0, z: 0}
  m_LocalScale: {x: 1, y: 1, z: 1}
  m_Children: []
  m_Father: {fileID: 2346293347307119649}
  m_RootOrder: 3
  m_LocalEulerAnglesHint: {x: 0, y: 0, z: 0}
--- !u!114 &2346293346648556603
MonoBehaviour:
  m_ObjectHideFlags: 0
  m_CorrespondingSourceObject: {fileID: 0}
  m_PrefabInstance: {fileID: 0}
  m_PrefabAsset: {fileID: 0}
  m_GameObject: {fileID: 2346293346648556605}
  m_Enabled: 1
  m_EditorHideFlags: 0
  m_Script: {fileID: 11500000, guid: a4ea74543a687184986292c319874398, type: 3}
  m_Name: 
  m_EditorClassIdentifier: 
  prefabs:
  - {fileID: 4388837877044510138, guid: 0dcbc7a6dd29672498c7b612032197e8, type: 3}
  pathFormations: {x: 300, y: 150, z: 100}
  myCamera: {fileID: 0}
  myCameraToCenter: 100
  currentPathTransform: {fileID: 0}
  objects: 2
  minScale: 3
  maxSclae: 5
  minTimeBetweenSpawns: 0.1
  maxTimeBetweenSpawns: 10
--- !u!1 &2346293347307119650
GameObject:
  m_ObjectHideFlags: 0
  m_CorrespondingSourceObject: {fileID: 0}
  m_PrefabInstance: {fileID: 0}
  m_PrefabAsset: {fileID: 0}
  serializedVersion: 6
  m_Component:
  - component: {fileID: 2346293347307119649}
  m_Layer: 0
  m_Name: Spawner
  m_TagString: Untagged
  m_Icon: {fileID: 0}
  m_NavMeshLayer: 0
  m_StaticEditorFlags: 0
  m_IsActive: 1
--- !u!4 &2346293347307119649
Transform:
  m_ObjectHideFlags: 0
  m_CorrespondingSourceObject: {fileID: 0}
  m_PrefabInstance: {fileID: 0}
  m_PrefabAsset: {fileID: 0}
  m_GameObject: {fileID: 2346293347307119650}
  m_LocalRotation: {x: 0, y: 0, z: 0, w: 1}
  m_LocalPosition: {x: 0, y: 0, z: 0}
  m_LocalScale: {x: 1, y: 1, z: 1}
  m_Children:
  - {fileID: 2346293348245420402}
  - {fileID: 5928998032497893208}
  - {fileID: 4681675127365260504}
  - {fileID: 2346293346648556604}
  m_Father: {fileID: 0}
  m_RootOrder: 0
  m_LocalEulerAnglesHint: {x: 0, y: 0, z: 0}
--- !u!1 &2346293348245420404
GameObject:
  m_ObjectHideFlags: 0
  m_CorrespondingSourceObject: {fileID: 0}
  m_PrefabInstance: {fileID: 0}
  m_PrefabAsset: {fileID: 0}
  serializedVersion: 6
  m_Component:
  - component: {fileID: 2346293348245420402}
  - component: {fileID: 2346293348245420403}
  m_Layer: 0
  m_Name: PathAsteroidsSpawner
  m_TagString: Untagged
  m_Icon: {fileID: 0}
  m_NavMeshLayer: 0
  m_StaticEditorFlags: 0
  m_IsActive: 1
--- !u!4 &2346293348245420402
Transform:
  m_ObjectHideFlags: 0
  m_CorrespondingSourceObject: {fileID: 0}
  m_PrefabInstance: {fileID: 0}
  m_PrefabAsset: {fileID: 0}
  m_GameObject: {fileID: 2346293348245420404}
  m_LocalRotation: {x: -0, y: -0, z: -0, w: 1}
  m_LocalPosition: {x: 0, y: 1, z: -10}
  m_LocalScale: {x: 1, y: 1, z: 1}
  m_Children: []
  m_Father: {fileID: 2346293347307119649}
  m_RootOrder: 0
  m_LocalEulerAnglesHint: {x: 0, y: 0, z: 0}
--- !u!114 &2346293348245420403
MonoBehaviour:
  m_ObjectHideFlags: 0
  m_CorrespondingSourceObject: {fileID: 0}
  m_PrefabInstance: {fileID: 0}
  m_PrefabAsset: {fileID: 0}
  m_GameObject: {fileID: 2346293348245420404}
  m_Enabled: 1
  m_EditorHideFlags: 0
  m_Script: {fileID: 11500000, guid: 4002b81b21be7a840a21379601c74dbf, type: 3}
  m_Name: 
  m_EditorClassIdentifier: 
  prefabs:
  - {fileID: 151664, guid: fa49e460baf435b4780da7196c2ab473, type: 3}
  - {fileID: 141316, guid: 84cc3cd234dfc9d4d9d2e92c0eb0af75, type: 3}
  - {fileID: 130102, guid: 04d0bf4be9447154188d86f6e3b8dce9, type: 3}
  pathFormations: {x: 300, y: 150, z: 100}
  objects: 2
  minScale: 5
  maxSclae: 10
--- !u!1001 &2346293346482809618
PrefabInstance:
  m_ObjectHideFlags: 0
  serializedVersion: 2
  m_Modification:
    m_TransformParent: {fileID: 2346293347307119649}
    m_Modifications:
    - target: {fileID: 8270787126484710474, guid: f6ae544f7059d2e45b78a542ca23e57c,
        type: 3}
      propertyPath: m_LocalPosition.x
      value: 0
      objectReference: {fileID: 0}
    - target: {fileID: 8270787126484710474, guid: f6ae544f7059d2e45b78a542ca23e57c,
        type: 3}
      propertyPath: m_LocalPosition.y
      value: 0
      objectReference: {fileID: 0}
    - target: {fileID: 8270787126484710474, guid: f6ae544f7059d2e45b78a542ca23e57c,
        type: 3}
      propertyPath: m_LocalPosition.z
      value: 0
      objectReference: {fileID: 0}
    - target: {fileID: 8270787126484710474, guid: f6ae544f7059d2e45b78a542ca23e57c,
        type: 3}
      propertyPath: m_LocalRotation.x
      value: 0
      objectReference: {fileID: 0}
    - target: {fileID: 8270787126484710474, guid: f6ae544f7059d2e45b78a542ca23e57c,
        type: 3}
      propertyPath: m_LocalRotation.y
      value: 0
      objectReference: {fileID: 0}
    - target: {fileID: 8270787126484710474, guid: f6ae544f7059d2e45b78a542ca23e57c,
        type: 3}
      propertyPath: m_LocalRotation.z
      value: 0
      objectReference: {fileID: 0}
    - target: {fileID: 8270787126484710474, guid: f6ae544f7059d2e45b78a542ca23e57c,
        type: 3}
      propertyPath: m_LocalRotation.w
      value: 1
      objectReference: {fileID: 0}
    - target: {fileID: 8270787126484710474, guid: f6ae544f7059d2e45b78a542ca23e57c,
        type: 3}
      propertyPath: m_RootOrder
      value: 1
      objectReference: {fileID: 0}
    - target: {fileID: 8270787126484710474, guid: f6ae544f7059d2e45b78a542ca23e57c,
        type: 3}
      propertyPath: m_LocalEulerAnglesHint.x
      value: 0
      objectReference: {fileID: 0}
    - target: {fileID: 8270787126484710474, guid: f6ae544f7059d2e45b78a542ca23e57c,
        type: 3}
      propertyPath: m_LocalEulerAnglesHint.y
      value: 0
      objectReference: {fileID: 0}
    - target: {fileID: 8270787126484710474, guid: f6ae544f7059d2e45b78a542ca23e57c,
        type: 3}
      propertyPath: m_LocalEulerAnglesHint.z
      value: 0
      objectReference: {fileID: 0}
    - target: {fileID: 8270787126484710475, guid: f6ae544f7059d2e45b78a542ca23e57c,
        type: 3}
      propertyPath: m_Name
      value: ItemsSpawner
      objectReference: {fileID: 0}
    m_RemovedComponents: []
  m_SourcePrefab: {fileID: 100100000, guid: f6ae544f7059d2e45b78a542ca23e57c, type: 3}
--- !u!4 &5928998032497893208 stripped
Transform:
  m_CorrespondingSourceObject: {fileID: 8270787126484710474, guid: f6ae544f7059d2e45b78a542ca23e57c,
    type: 3}
  m_PrefabInstance: {fileID: 2346293346482809618}
  m_PrefabAsset: {fileID: 0}
--- !u!1001 &2346293347873383739
PrefabInstance:
  m_ObjectHideFlags: 0
  serializedVersion: 2
  m_Modification:
    m_TransformParent: {fileID: 2346293347307119649}
    m_Modifications:
    - target: {fileID: 6951046433444835811, guid: 8d4d89db3c4fbbe438849037db7b4c05,
        type: 3}
      propertyPath: m_LocalPosition.x
      value: 0
      objectReference: {fileID: 0}
    - target: {fileID: 6951046433444835811, guid: 8d4d89db3c4fbbe438849037db7b4c05,
        type: 3}
      propertyPath: m_LocalPosition.y
      value: 0
      objectReference: {fileID: 0}
    - target: {fileID: 6951046433444835811, guid: 8d4d89db3c4fbbe438849037db7b4c05,
        type: 3}
      propertyPath: m_LocalPosition.z
      value: 0
      objectReference: {fileID: 0}
    - target: {fileID: 6951046433444835811, guid: 8d4d89db3c4fbbe438849037db7b4c05,
        type: 3}
      propertyPath: m_LocalRotation.x
      value: 0
      objectReference: {fileID: 0}
    - target: {fileID: 6951046433444835811, guid: 8d4d89db3c4fbbe438849037db7b4c05,
        type: 3}
      propertyPath: m_LocalRotation.y
      value: 0
      objectReference: {fileID: 0}
    - target: {fileID: 6951046433444835811, guid: 8d4d89db3c4fbbe438849037db7b4c05,
        type: 3}
      propertyPath: m_LocalRotation.z
      value: 0
      objectReference: {fileID: 0}
    - target: {fileID: 6951046433444835811, guid: 8d4d89db3c4fbbe438849037db7b4c05,
        type: 3}
      propertyPath: m_LocalRotation.w
      value: 1
      objectReference: {fileID: 0}
    - target: {fileID: 6951046433444835811, guid: 8d4d89db3c4fbbe438849037db7b4c05,
        type: 3}
      propertyPath: m_RootOrder
      value: 2
      objectReference: {fileID: 0}
    - target: {fileID: 6951046433444835811, guid: 8d4d89db3c4fbbe438849037db7b4c05,
        type: 3}
      propertyPath: m_LocalEulerAnglesHint.x
      value: 0
      objectReference: {fileID: 0}
    - target: {fileID: 6951046433444835811, guid: 8d4d89db3c4fbbe438849037db7b4c05,
        type: 3}
      propertyPath: m_LocalEulerAnglesHint.y
      value: 0
      objectReference: {fileID: 0}
    - target: {fileID: 6951046433444835811, guid: 8d4d89db3c4fbbe438849037db7b4c05,
        type: 3}
      propertyPath: m_LocalEulerAnglesHint.z
      value: 0
      objectReference: {fileID: 0}
    - target: {fileID: 6951046433444835820, guid: 8d4d89db3c4fbbe438849037db7b4c05,
        type: 3}
      propertyPath: m_Name
      value: WeaponsSpawner
      objectReference: {fileID: 0}
    - target: {fileID: 6951046433444835820, guid: 8d4d89db3c4fbbe438849037db7b4c05,
        type: 3}
      propertyPath: m_IsActive
      value: 1
      objectReference: {fileID: 0}
    m_RemovedComponents: []
  m_SourcePrefab: {fileID: 100100000, guid: 8d4d89db3c4fbbe438849037db7b4c05, type: 3}
--- !u!4 &4681675127365260504 stripped
Transform:
  m_CorrespondingSourceObject: {fileID: 6951046433444835811, guid: 8d4d89db3c4fbbe438849037db7b4c05,
    type: 3}
  m_PrefabInstance: {fileID: 2346293347873383739}
  m_PrefabAsset: {fileID: 0}
