%YAML 1.1
%TAG !u! tag:unity3d.com,2011:
--- !u!1 &513462891536142132
GameObject:
  m_ObjectHideFlags: 0
  m_CorrespondingSourceObject: {fileID: 0}
  m_PrefabInstance: {fileID: 0}
  m_PrefabAsset: {fileID: 0}
  serializedVersion: 6
  m_Component:
  - component: {fileID: 3565573407268257063}
  - component: {fileID: 5485508180748437265}
  - component: {fileID: 2241941365649406952}
  - component: {fileID: 7003720216079893533}
  - component: {fileID: 4308591055740602163}
  - component: {fileID: 5740347881275171071}
  - component: {fileID: 7131329005831667723}
  - component: {fileID: 7264530782879878974}
  m_Layer: 0
  m_Name: Player 2
  m_TagString: Player
  m_Icon: {fileID: 0}
  m_NavMeshLayer: 0
  m_StaticEditorFlags: 0
  m_IsActive: 1
--- !u!4 &3565573407268257063
Transform:
  m_ObjectHideFlags: 0
  m_CorrespondingSourceObject: {fileID: 0}
  m_PrefabInstance: {fileID: 0}
  m_PrefabAsset: {fileID: 0}
  m_GameObject: {fileID: 513462891536142132}
  m_LocalRotation: {x: 0, y: -0, z: -0, w: 1}
  m_LocalPosition: {x: 0, y: 0, z: 0}
  m_LocalScale: {x: 1, y: 1, z: 1}
  m_Children:
  - {fileID: 8813000862924339743}
  - {fileID: 4254343768587276831}
  - {fileID: 2380644250706979698}
  - {fileID: 3682186050639216926}
  m_Father: {fileID: 0}
  m_RootOrder: 0
  m_LocalEulerAnglesHint: {x: 0, y: 0, z: 0}
--- !u!33 &5485508180748437265
MeshFilter:
  m_ObjectHideFlags: 0
  m_CorrespondingSourceObject: {fileID: 0}
  m_PrefabInstance: {fileID: 0}
  m_PrefabAsset: {fileID: 0}
  m_GameObject: {fileID: 513462891536142132}
  m_Mesh: {fileID: 721608799864582647, guid: 425bbcda7c8efab43bd1ba2944333ce0, type: 3}
--- !u!23 &2241941365649406952
MeshRenderer:
  m_ObjectHideFlags: 0
  m_CorrespondingSourceObject: {fileID: 0}
  m_PrefabInstance: {fileID: 0}
  m_PrefabAsset: {fileID: 0}
  m_GameObject: {fileID: 513462891536142132}
  m_Enabled: 1
  m_CastShadows: 1
  m_ReceiveShadows: 1
  m_DynamicOccludee: 1
  m_MotionVectors: 1
  m_LightProbeUsage: 1
  m_ReflectionProbeUsage: 1
  m_RayTracingMode: 2
  m_RenderingLayerMask: 1
  m_RendererPriority: 0
  m_Materials:
  - {fileID: 670224309865224971, guid: 425bbcda7c8efab43bd1ba2944333ce0, type: 3}
  m_StaticBatchInfo:
    firstSubMesh: 0
    subMeshCount: 0
  m_StaticBatchRoot: {fileID: 0}
  m_ProbeAnchor: {fileID: 0}
  m_LightProbeVolumeOverride: {fileID: 0}
  m_ScaleInLightmap: 1
  m_ReceiveGI: 1
  m_PreserveUVs: 0
  m_IgnoreNormalsForChartDetection: 0
  m_ImportantGI: 0
  m_StitchLightmapSeams: 1
  m_SelectedEditorRenderState: 3
  m_MinimumChartSize: 4
  m_AutoUVMaxDistance: 0.5
  m_AutoUVMaxAngle: 89
  m_LightmapParameters: {fileID: 0}
  m_SortingLayerID: 0
  m_SortingLayer: 0
  m_SortingOrder: 0
--- !u!64 &7003720216079893533
MeshCollider:
  m_ObjectHideFlags: 0
  m_CorrespondingSourceObject: {fileID: 0}
  m_PrefabInstance: {fileID: 0}
  m_PrefabAsset: {fileID: 0}
  m_GameObject: {fileID: 513462891536142132}
  m_Material: {fileID: 0}
  m_IsTrigger: 0
  m_Enabled: 1
  serializedVersion: 3
  m_Convex: 0
  m_CookingOptions: 30
  m_Mesh: {fileID: 721608799864582647, guid: 425bbcda7c8efab43bd1ba2944333ce0, type: 3}
--- !u!143 &4308591055740602163
CharacterController:
  m_ObjectHideFlags: 0
  m_CorrespondingSourceObject: {fileID: 0}
  m_PrefabInstance: {fileID: 0}
  m_PrefabAsset: {fileID: 0}
  m_GameObject: {fileID: 513462891536142132}
  m_Material: {fileID: 0}
  m_IsTrigger: 0
  m_Enabled: 1
  serializedVersion: 2
  m_Height: 4.241976
  m_Radius: 5.6545606
  m_SlopeLimit: 45
  m_StepOffset: 0.3
  m_SkinWidth: 0.08
  m_MinMoveDistance: 0.001
  m_Center: {x: 0, y: 0, z: 0}
--- !u!114 &5740347881275171071
MonoBehaviour:
  m_ObjectHideFlags: 0
  m_CorrespondingSourceObject: {fileID: 0}
  m_PrefabInstance: {fileID: 0}
  m_PrefabAsset: {fileID: 0}
  m_GameObject: {fileID: 513462891536142132}
  m_Enabled: 1
  m_EditorHideFlags: 0
  m_Script: {fileID: 11500000, guid: 11c88f6a57a24d6438079249df6b3351, type: 3}
  m_Name: 
  m_EditorClassIdentifier: 
  gameSoundsVolume: 0
  gameMusicVolume: 0
--- !u!114 &7131329005831667723
MonoBehaviour:
  m_ObjectHideFlags: 0
  m_CorrespondingSourceObject: {fileID: 0}
  m_PrefabInstance: {fileID: 0}
  m_PrefabAsset: {fileID: 0}
  m_GameObject: {fileID: 513462891536142132}
  m_Enabled: 1
  m_EditorHideFlags: 0
  m_Script: {fileID: 11500000, guid: 0d03fbd92d485f540bc83af09ed23469, type: 3}
  m_Name: 
  m_EditorClassIdentifier: 
  health: 100
--- !u!114 &7264530782879878974
MonoBehaviour:
  m_ObjectHideFlags: 0
  m_CorrespondingSourceObject: {fileID: 0}
  m_PrefabInstance: {fileID: 0}
  m_PrefabAsset: {fileID: 0}
  m_GameObject: {fileID: 513462891536142132}
  m_Enabled: 1
  m_EditorHideFlags: 0
  m_Script: {fileID: 11500000, guid: e41942ac5eaaed647989d1fd24ac245b, type: 3}
  m_Name: 
  m_EditorClassIdentifier: 
--- !u!1 &1786232322535075606
GameObject:
  m_ObjectHideFlags: 0
  m_CorrespondingSourceObject: {fileID: 0}
  m_PrefabInstance: {fileID: 0}
  m_PrefabAsset: {fileID: 0}
  serializedVersion: 6
  m_Component:
  - component: {fileID: 3682186050639216926}
  - component: {fileID: 7991525098688833001}
  m_Layer: 0
  m_Name: Directional Light
  m_TagString: Untagged
  m_Icon: {fileID: 0}
  m_NavMeshLayer: 0
  m_StaticEditorFlags: 0
  m_IsActive: 1
--- !u!4 &3682186050639216926
Transform:
  m_ObjectHideFlags: 0
  m_CorrespondingSourceObject: {fileID: 0}
  m_PrefabInstance: {fileID: 0}
  m_PrefabAsset: {fileID: 0}
  m_GameObject: {fileID: 1786232322535075606}
  m_LocalRotation: {x: 0.43372616, y: -0, z: -0, w: 0.9010448}
  m_LocalPosition: {x: -0.13, y: 12.31, z: -5.6289997}
  m_LocalScale: {x: 0.93022996, y: 1.04526, z: 1.02174}
  m_Children: []
  m_Father: {fileID: 3565573407268257063}
  m_RootOrder: 3
  m_LocalEulerAnglesHint: {x: 51.409004, y: 0, z: 0}
--- !u!108 &7991525098688833001
Light:
  m_ObjectHideFlags: 0
  m_CorrespondingSourceObject: {fileID: 0}
  m_PrefabInstance: {fileID: 0}
  m_PrefabAsset: {fileID: 0}
  m_GameObject: {fileID: 1786232322535075606}
  m_Enabled: 1
  serializedVersion: 10
  m_Type: 1
  m_Shape: 0
  m_Color: {r: 1, g: 1, b: 1, a: 1}
  m_Intensity: 1
  m_Range: 10
  m_SpotAngle: 30
  m_InnerSpotAngle: 21.80208
  m_CookieSize: 10
  m_Shadows:
    m_Type: 2
    m_Resolution: -1
    m_CustomResolution: -1
    m_Strength: 1
    m_Bias: 0.05
    m_NormalBias: 0.4
    m_NearPlane: 0.2
    m_CullingMatrixOverride:
      e00: 1
      e01: 0
      e02: 0
      e03: 0
      e10: 0
      e11: 1
      e12: 0
      e13: 0
      e20: 0
      e21: 0
      e22: 1
      e23: 0
      e30: 0
      e31: 0
      e32: 0
      e33: 1
    m_UseCullingMatrixOverride: 0
  m_Cookie: {fileID: 0}
  m_DrawHalo: 0
  m_Flare: {fileID: 0}
  m_RenderMode: 0
  m_CullingMask:
    serializedVersion: 2
    m_Bits: 4294967295
  m_RenderingLayerMask: 1
  m_Lightmapping: 1
  m_LightShadowCasterMode: 0
  m_AreaSize: {x: 1, y: 1}
  m_BounceIntensity: 1
  m_ColorTemperature: 6570
  m_UseColorTemperature: 0
  m_BoundingSphereOverride: {x: 0, y: 0, z: 0, w: 0}
  m_UseBoundingSphereOverride: 0
  m_ShadowRadius: 0
  m_ShadowAngle: 0
--- !u!1 &2869224630552919062
GameObject:
  m_ObjectHideFlags: 0
  m_CorrespondingSourceObject: {fileID: 0}
  m_PrefabInstance: {fileID: 0}
  m_PrefabAsset: {fileID: 0}
  serializedVersion: 6
  m_Component:
  - component: {fileID: 2380644250706979698}
  m_Layer: 0
  m_Name: Role
  m_TagString: Ally
  m_Icon: {fileID: 0}
  m_NavMeshLayer: 0
  m_StaticEditorFlags: 0
  m_IsActive: 1
--- !u!4 &2380644250706979698
Transform:
  m_ObjectHideFlags: 0
  m_CorrespondingSourceObject: {fileID: 0}
  m_PrefabInstance: {fileID: 0}
  m_PrefabAsset: {fileID: 0}
  m_GameObject: {fileID: 2869224630552919062}
  m_LocalRotation: {x: -0, y: -0, z: -0, w: 1}
  m_LocalPosition: {x: 0, y: 0, z: 0}
  m_LocalScale: {x: 1, y: 1, z: 1.3}
  m_Children: []
  m_Father: {fileID: 3565573407268257063}
  m_RootOrder: 2
  m_LocalEulerAnglesHint: {x: 0, y: 0, z: 0}
--- !u!1 &6581015125629496346
GameObject:
  m_ObjectHideFlags: 0
  m_CorrespondingSourceObject: {fileID: 0}
  m_PrefabInstance: {fileID: 0}
  m_PrefabAsset: {fileID: 0}
  serializedVersion: 6
  m_Component:
  - component: {fileID: 8813000862924339743}
  - component: {fileID: 1715729522182729399}
  - component: {fileID: 8507961613359929053}
  m_Layer: 0
  m_Name: Weapons
  m_TagString: Untagged
  m_Icon: {fileID: 0}
  m_NavMeshLayer: 0
  m_StaticEditorFlags: 0
  m_IsActive: 1
--- !u!4 &8813000862924339743
Transform:
  m_ObjectHideFlags: 0
  m_CorrespondingSourceObject: {fileID: 0}
  m_PrefabInstance: {fileID: 0}
  m_PrefabAsset: {fileID: 0}
  m_GameObject: {fileID: 6581015125629496346}
  m_LocalRotation: {x: -0, y: -0, z: -0, w: 1}
  m_LocalPosition: {x: 0, y: 0, z: 0.364}
  m_LocalScale: {x: 1, y: 1, z: 1.3}
  m_Children:
  - {fileID: 5155885621115219518}
  - {fileID: 4014889138379205329}
  - {fileID: 21838614134963916}
  - {fileID: 683862469529537548}
  m_Father: {fileID: 3565573407268257063}
  m_RootOrder: 0
  m_LocalEulerAnglesHint: {x: 0, y: 0, z: 0}
--- !u!114 &1715729522182729399
MonoBehaviour:
  m_ObjectHideFlags: 0
  m_CorrespondingSourceObject: {fileID: 0}
  m_PrefabInstance: {fileID: 0}
  m_PrefabAsset: {fileID: 0}
  m_GameObject: {fileID: 6581015125629496346}
  m_Enabled: 1
  m_EditorHideFlags: 0
  m_Script: {fileID: 11500000, guid: 4831df6382b3eb14a9dd99a2aa7d193d, type: 3}
  m_Name: 
  m_EditorClassIdentifier: 
  targetObjects: 1
  aimRange: 500
  aimAngle: 10
  target: {x: 0, y: 0, z: 0}
  isTargeting: 0
  lockTarget: 0
  targetTypes: 
--- !u!114 &8507961613359929053
MonoBehaviour:
  m_ObjectHideFlags: 0
  m_CorrespondingSourceObject: {fileID: 0}
  m_PrefabInstance: {fileID: 0}
  m_PrefabAsset: {fileID: 0}
  m_GameObject: {fileID: 6581015125629496346}
  m_Enabled: 1
  m_EditorHideFlags: 0
  m_Script: {fileID: 11500000, guid: 3a588d7cf44e4484688f16a4a2b6034f, type: 3}
  m_Name: 
  m_EditorClassIdentifier: 
  projectileLauncherPrefab: {fileID: 0}
  laserBeamPrefab: {fileID: 0}
  missileLauncherPrefab: {fileID: 0}
  primaryWeaponsPositions:
  - {x: -3.19, y: 0.98, z: -3.78}
  - {x: 0, y: -0.53, z: 4.25}
  - {x: 3.19, y: 0.98, z: -3.78}
  secondaryWeaponsPositions:
  - {x: 0, y: -1.26, z: 0}
  primaryWeapons: []
  secondaryWeapons: []
--- !u!1 &8227588148661384368
GameObject:
  m_ObjectHideFlags: 0
  m_CorrespondingSourceObject: {fileID: 0}
  m_PrefabInstance: {fileID: 0}
  m_PrefabAsset: {fileID: 0}
  serializedVersion: 6
  m_Component:
  - component: {fileID: 4254343768587276831}
  - component: {fileID: 8591284559537749226}
  m_Layer: 0
  m_Name: CrosshairTarget
  m_TagString: Untagged
  m_Icon: {fileID: 0}
  m_NavMeshLayer: 0
  m_StaticEditorFlags: 0
  m_IsActive: 1
--- !u!4 &4254343768587276831
Transform:
  m_ObjectHideFlags: 0
  m_CorrespondingSourceObject: {fileID: 0}
  m_PrefabInstance: {fileID: 0}
  m_PrefabAsset: {fileID: 0}
  m_GameObject: {fileID: 8227588148661384368}
  m_LocalRotation: {x: -0, y: -0, z: -0, w: 1}
  m_LocalPosition: {x: 0, y: 0, z: 0}
  m_LocalScale: {x: 1, y: 1, z: 1.3}
  m_Children: []
  m_Father: {fileID: 3565573407268257063}
  m_RootOrder: 1
  m_LocalEulerAnglesHint: {x: 0, y: 0, z: 0}
--- !u!114 &8591284559537749226
MonoBehaviour:
  m_ObjectHideFlags: 0
  m_CorrespondingSourceObject: {fileID: 0}
  m_PrefabInstance: {fileID: 0}
  m_PrefabAsset: {fileID: 0}
  m_GameObject: {fileID: 8227588148661384368}
  m_Enabled: 1
  m_EditorHideFlags: 0
  m_Script: {fileID: 11500000, guid: a7c9cafcd2453aa4aa1c0e7970217897, type: 3}
  m_Name: 
  m_EditorClassIdentifier: 
  rotationSpeed: 0.01
  targetingSystem: {fileID: 1715729522182729399}
  isTargeting: 0
  toTarget: {x: 0, y: 0, z: 0}
--- !u!1001 &26203043650819566
PrefabInstance:
  m_ObjectHideFlags: 0
  serializedVersion: 2
  m_Modification:
    m_TransformParent: {fileID: 8813000862924339743}
    m_Modifications:
    - target: {fileID: 1753140453659504, guid: a1d4fb005d3cd23418b292c47e28ff38, type: 3}
      propertyPath: m_Name
      value: ProjectileWeapon
      objectReference: {fileID: 0}
    - target: {fileID: 4646111225703202, guid: a1d4fb005d3cd23418b292c47e28ff38, type: 3}
      propertyPath: m_LocalPosition.x
      value: -3.16
      objectReference: {fileID: 0}
    - target: {fileID: 4646111225703202, guid: a1d4fb005d3cd23418b292c47e28ff38, type: 3}
      propertyPath: m_LocalPosition.y
      value: -0.39
      objectReference: {fileID: 0}
    - target: {fileID: 4646111225703202, guid: a1d4fb005d3cd23418b292c47e28ff38, type: 3}
      propertyPath: m_LocalPosition.z
      value: -1.5
      objectReference: {fileID: 0}
    - target: {fileID: 4646111225703202, guid: a1d4fb005d3cd23418b292c47e28ff38, type: 3}
      propertyPath: m_LocalRotation.x
      value: -0
      objectReference: {fileID: 0}
    - target: {fileID: 4646111225703202, guid: a1d4fb005d3cd23418b292c47e28ff38, type: 3}
      propertyPath: m_LocalRotation.y
      value: -0
      objectReference: {fileID: 0}
    - target: {fileID: 4646111225703202, guid: a1d4fb005d3cd23418b292c47e28ff38, type: 3}
      propertyPath: m_LocalRotation.z
      value: -0
      objectReference: {fileID: 0}
    - target: {fileID: 4646111225703202, guid: a1d4fb005d3cd23418b292c47e28ff38, type: 3}
      propertyPath: m_LocalRotation.w
      value: 1
      objectReference: {fileID: 0}
    - target: {fileID: 4646111225703202, guid: a1d4fb005d3cd23418b292c47e28ff38, type: 3}
      propertyPath: m_RootOrder
      value: 2
      objectReference: {fileID: 0}
    - target: {fileID: 4646111225703202, guid: a1d4fb005d3cd23418b292c47e28ff38, type: 3}
      propertyPath: m_LocalEulerAnglesHint.x
      value: 0
      objectReference: {fileID: 0}
    - target: {fileID: 4646111225703202, guid: a1d4fb005d3cd23418b292c47e28ff38, type: 3}
      propertyPath: m_LocalEulerAnglesHint.y
      value: 0
      objectReference: {fileID: 0}
    - target: {fileID: 4646111225703202, guid: a1d4fb005d3cd23418b292c47e28ff38, type: 3}
      propertyPath: m_LocalEulerAnglesHint.z
      value: 0
      objectReference: {fileID: 0}
    m_RemovedComponents: []
  m_SourcePrefab: {fileID: 100100000, guid: a1d4fb005d3cd23418b292c47e28ff38, type: 3}
--- !u!4 &21838614134963916 stripped
Transform:
  m_CorrespondingSourceObject: {fileID: 4646111225703202, guid: a1d4fb005d3cd23418b292c47e28ff38,
    type: 3}
  m_PrefabInstance: {fileID: 26203043650819566}
  m_PrefabAsset: {fileID: 0}
--- !u!1001 &680734131715581970
PrefabInstance:
  m_ObjectHideFlags: 0
  serializedVersion: 2
  m_Modification:
    m_TransformParent: {fileID: 8813000862924339743}
    m_Modifications:
    - target: {fileID: 1399506022044004, guid: 21757be9c8dc0cc419d6fa0daaf8102b, type: 3}
      propertyPath: m_Name
      value: MissileWeapon
      objectReference: {fileID: 0}
    - target: {fileID: 4474312126080030, guid: 21757be9c8dc0cc419d6fa0daaf8102b, type: 3}
      propertyPath: m_LocalPosition.x
      value: 0
      objectReference: {fileID: 0}
    - target: {fileID: 4474312126080030, guid: 21757be9c8dc0cc419d6fa0daaf8102b, type: 3}
      propertyPath: m_LocalPosition.y
      value: -1.26
      objectReference: {fileID: 0}
    - target: {fileID: 4474312126080030, guid: 21757be9c8dc0cc419d6fa0daaf8102b, type: 3}
      propertyPath: m_LocalPosition.z
      value: 0
      objectReference: {fileID: 0}
    - target: {fileID: 4474312126080030, guid: 21757be9c8dc0cc419d6fa0daaf8102b, type: 3}
      propertyPath: m_LocalRotation.x
      value: 0
      objectReference: {fileID: 0}
    - target: {fileID: 4474312126080030, guid: 21757be9c8dc0cc419d6fa0daaf8102b, type: 3}
      propertyPath: m_LocalRotation.y
      value: 0
      objectReference: {fileID: 0}
    - target: {fileID: 4474312126080030, guid: 21757be9c8dc0cc419d6fa0daaf8102b, type: 3}
      propertyPath: m_LocalRotation.z
      value: 0
      objectReference: {fileID: 0}
    - target: {fileID: 4474312126080030, guid: 21757be9c8dc0cc419d6fa0daaf8102b, type: 3}
      propertyPath: m_LocalRotation.w
      value: 1
      objectReference: {fileID: 0}
    - target: {fileID: 4474312126080030, guid: 21757be9c8dc0cc419d6fa0daaf8102b, type: 3}
      propertyPath: m_RootOrder
      value: 3
      objectReference: {fileID: 0}
    - target: {fileID: 4474312126080030, guid: 21757be9c8dc0cc419d6fa0daaf8102b, type: 3}
      propertyPath: m_LocalEulerAnglesHint.x
      value: 0
      objectReference: {fileID: 0}
    - target: {fileID: 4474312126080030, guid: 21757be9c8dc0cc419d6fa0daaf8102b, type: 3}
      propertyPath: m_LocalEulerAnglesHint.y
      value: 0
      objectReference: {fileID: 0}
    - target: {fileID: 4474312126080030, guid: 21757be9c8dc0cc419d6fa0daaf8102b, type: 3}
      propertyPath: m_LocalEulerAnglesHint.z
      value: 0
      objectReference: {fileID: 0}
    m_RemovedComponents: []
  m_SourcePrefab: {fileID: 100100000, guid: 21757be9c8dc0cc419d6fa0daaf8102b, type: 3}
--- !u!4 &683862469529537548 stripped
Transform:
  m_CorrespondingSourceObject: {fileID: 4474312126080030, guid: 21757be9c8dc0cc419d6fa0daaf8102b,
    type: 3}
  m_PrefabInstance: {fileID: 680734131715581970}
  m_PrefabAsset: {fileID: 0}
--- !u!1001 &4010246540975882739
PrefabInstance:
  m_ObjectHideFlags: 0
  serializedVersion: 2
  m_Modification:
    m_TransformParent: {fileID: 8813000862924339743}
    m_Modifications:
    - target: {fileID: 1753140453659504, guid: a1d4fb005d3cd23418b292c47e28ff38, type: 3}
      propertyPath: m_Name
      value: ProjectileWeapon
      objectReference: {fileID: 0}
    - target: {fileID: 4646111225703202, guid: a1d4fb005d3cd23418b292c47e28ff38, type: 3}
      propertyPath: m_LocalPosition.x
      value: 3.01
      objectReference: {fileID: 0}
    - target: {fileID: 4646111225703202, guid: a1d4fb005d3cd23418b292c47e28ff38, type: 3}
      propertyPath: m_LocalPosition.y
      value: -0.39
      objectReference: {fileID: 0}
    - target: {fileID: 4646111225703202, guid: a1d4fb005d3cd23418b292c47e28ff38, type: 3}
      propertyPath: m_LocalPosition.z
      value: -1.5
      objectReference: {fileID: 0}
    - target: {fileID: 4646111225703202, guid: a1d4fb005d3cd23418b292c47e28ff38, type: 3}
      propertyPath: m_LocalRotation.x
      value: 0
      objectReference: {fileID: 0}
    - target: {fileID: 4646111225703202, guid: a1d4fb005d3cd23418b292c47e28ff38, type: 3}
      propertyPath: m_LocalRotation.y
      value: 0
      objectReference: {fileID: 0}
    - target: {fileID: 4646111225703202, guid: a1d4fb005d3cd23418b292c47e28ff38, type: 3}
      propertyPath: m_LocalRotation.z
      value: 0
      objectReference: {fileID: 0}
    - target: {fileID: 4646111225703202, guid: a1d4fb005d3cd23418b292c47e28ff38, type: 3}
      propertyPath: m_LocalRotation.w
      value: 1
      objectReference: {fileID: 0}
    - target: {fileID: 4646111225703202, guid: a1d4fb005d3cd23418b292c47e28ff38, type: 3}
      propertyPath: m_RootOrder
      value: 1
      objectReference: {fileID: 0}
    - target: {fileID: 4646111225703202, guid: a1d4fb005d3cd23418b292c47e28ff38, type: 3}
      propertyPath: m_LocalEulerAnglesHint.x
      value: 0
      objectReference: {fileID: 0}
    - target: {fileID: 4646111225703202, guid: a1d4fb005d3cd23418b292c47e28ff38, type: 3}
      propertyPath: m_LocalEulerAnglesHint.y
      value: 0
      objectReference: {fileID: 0}
    - target: {fileID: 4646111225703202, guid: a1d4fb005d3cd23418b292c47e28ff38, type: 3}
      propertyPath: m_LocalEulerAnglesHint.z
      value: 0
      objectReference: {fileID: 0}
    m_RemovedComponents: []
  m_SourcePrefab: {fileID: 100100000, guid: a1d4fb005d3cd23418b292c47e28ff38, type: 3}
--- !u!4 &4014889138379205329 stripped
Transform:
  m_CorrespondingSourceObject: {fileID: 4646111225703202, guid: a1d4fb005d3cd23418b292c47e28ff38,
    type: 3}
  m_PrefabInstance: {fileID: 4010246540975882739}
  m_PrefabAsset: {fileID: 0}
--- !u!1001 &5153212696416435246
PrefabInstance:
  m_ObjectHideFlags: 0
  serializedVersion: 2
  m_Modification:
    m_TransformParent: {fileID: 8813000862924339743}
    m_Modifications:
    - target: {fileID: 1950965390951590, guid: 91dfdbb4542b68443a57cd295873539e, type: 3}
      propertyPath: m_Name
      value: EnergyBeamWeapon_Constant_Fixed
      objectReference: {fileID: 0}
    - target: {fileID: 1950965390951590, guid: 91dfdbb4542b68443a57cd295873539e, type: 3}
      propertyPath: m_IsActive
      value: 1
      objectReference: {fileID: 0}
    - target: {fileID: 4082500514271760, guid: 91dfdbb4542b68443a57cd295873539e, type: 3}
      propertyPath: m_LocalPosition.x
      value: 0
      objectReference: {fileID: 0}
    - target: {fileID: 4082500514271760, guid: 91dfdbb4542b68443a57cd295873539e, type: 3}
      propertyPath: m_LocalPosition.y
      value: -0.52
      objectReference: {fileID: 0}
    - target: {fileID: 4082500514271760, guid: 91dfdbb4542b68443a57cd295873539e, type: 3}
      propertyPath: m_LocalPosition.z
      value: 4.14
      objectReference: {fileID: 0}
    - target: {fileID: 4082500514271760, guid: 91dfdbb4542b68443a57cd295873539e, type: 3}
      propertyPath: m_LocalRotation.x
      value: 0
      objectReference: {fileID: 0}
    - target: {fileID: 4082500514271760, guid: 91dfdbb4542b68443a57cd295873539e, type: 3}
      propertyPath: m_LocalRotation.y
      value: 0
      objectReference: {fileID: 0}
    - target: {fileID: 4082500514271760, guid: 91dfdbb4542b68443a57cd295873539e, type: 3}
      propertyPath: m_LocalRotation.z
      value: 0
      objectReference: {fileID: 0}
    - target: {fileID: 4082500514271760, guid: 91dfdbb4542b68443a57cd295873539e, type: 3}
      propertyPath: m_LocalRotation.w
      value: 1
      objectReference: {fileID: 0}
    - target: {fileID: 4082500514271760, guid: 91dfdbb4542b68443a57cd295873539e, type: 3}
      propertyPath: m_RootOrder
      value: 0
      objectReference: {fileID: 0}
    - target: {fileID: 4082500514271760, guid: 91dfdbb4542b68443a57cd295873539e, type: 3}
      propertyPath: m_LocalEulerAnglesHint.x
      value: 0
      objectReference: {fileID: 0}
    - target: {fileID: 4082500514271760, guid: 91dfdbb4542b68443a57cd295873539e, type: 3}
      propertyPath: m_LocalEulerAnglesHint.y
      value: 0
      objectReference: {fileID: 0}
    - target: {fileID: 4082500514271760, guid: 91dfdbb4542b68443a57cd295873539e, type: 3}
      propertyPath: m_LocalEulerAnglesHint.z
      value: 0
      objectReference: {fileID: 0}
    m_RemovedComponents: []
  m_SourcePrefab: {fileID: 100100000, guid: 91dfdbb4542b68443a57cd295873539e, type: 3}
--- !u!4 &5155885621115219518 stripped
Transform:
  m_CorrespondingSourceObject: {fileID: 4082500514271760, guid: 91dfdbb4542b68443a57cd295873539e,
    type: 3}
  m_PrefabInstance: {fileID: 5153212696416435246}
  m_PrefabAsset: {fileID: 0}
